
@book{2022:Thomas,
    author = {Thomas H. Cormen and Charles E. Leiserson and Ronald L. Rivest and Clifford Stein},
    title = {Introduction to Algorithms},
    publisher = {MIT Press},
    year = {2022},
    pages = {158},
    location = {Cambridge, Massachusetts}
}
